@article{bib:jahre,
	Author = {M. Jahre},
	Title = {Managing Shared Resources in Chip Multiprocessor Memory Systems},
	Year = {2010}}

@article{bib:grannes,
  Author = {M. Grann√¶s},
  Title = {Reducing Memory Latency by Improving Resource Utilization},
  Year = {2010}}

@misc{bib:m5,
	Title = {The gem5 simulator},
	Howpublished = {\url{http://www.gem5.org/Main_Page}},
	Year = {2015}}

@misc{bib:cpu2000,
	Title = {SPEC CPU2000: Read Me First},
	Howpublished = {\url{https://www.spec.org/cpu2000/docs/readme1st.html}},
	Year = {2001}}

@article{bib:doc,
	Title = {M5 simulator system TDT4260 Computer Architecture User documentation},
	Year = {2014}}
